@article{dlintro,
	Author = {Vincent Francois-Lavet and Peter Henderson and Riashat Islam and Marc G. Bellemare and Joelle Pineau},
	Title = {An Introduction to Deep Reinforcement Learning},
	Year = {2018},
	Eprint = {arXiv:1811.12560},
	Howpublished = {Foundations and Trends in Machine Learning: Vol. 11, No. 3-4, 2018},
	Doi = {10.1561/2200000071},
}

@misc{dqn,
	Author = {Volodymyr Mnih and Koray Kavukcuoglu and David Silver and Alex Graves and Ioannis Antonoglou and Daan Wierstra and Martin Riedmiller},
	Title = {Playing Atari with Deep Reinforcement Learning},
	Year = {2013},
	Eprint = {arXiv:1312.5602},
}

@article{rl-survey,
	author    = {Kai Arulkumaran and
			Marc Peter Deisenroth and
			Miles Brundage and
			Anil Anthony Bharath},
	title     = {A Brief Survey of Deep Reinforcement Learning},
	journal   = {CoRR},
	volume    = {abs/1708.05866},
	year      = {2017},
	url       = {http://arxiv.org/abs/1708.05866},
	archivePrefix = {arXiv},
	eprint    = {1708.05866},
	timestamp = {Mon, 13 Aug 2018 16:46:01 +0200},
	biburl    = {https://dblp.org/rec/journals/corr/abs-1708-05866.bib},
	bibsource = {dblp computer science bibliography, https://dblp.org}
}

@article{Romanuke2017,
	doi = {10.20535/1810-0546.2017.1.88156},
	url = {https://doi.org/10.20535/1810-0546.2017.1.88156},
	year = {2017},
	month = mar,
	publisher = {Kyiv Politechnic Institute},
	volume = {0},
	number = {1},
	pages = {69--78},
	author = {Vadim Romanuke},
	title = {Appropriate Number and Allocation of {RELUS} in Convolutional Neural Networks},
	journal = {Research Bulletin of the National Technical University of Ukraine "Kyiv Politechnic Institute"}
}

@book{richardsutton2018,
	Author = {Richard S. Sutton},
	title = {Reinforcement Learning: An Introduction (Adaptive Computation and Machine Learning series)},
	description = {Reinforcement Learning: An Introduction (Adaptive Computation and Machine Learning series) (Book, 2018)},
	publisher = {A Bradford Book},
	interhash = {43d72b9b2e4d2658016e5c6320c6b425},
	intrahash = {7d6a7ff98dd4f1d4be00a0548da93a4a},
	year = {2018},
	month = {nov},
	isbn = {0262039249},
	url = {https://www.xarg.org/ref/a/0262039249/}
}

@inproceedings{Lin1992ReinforcementLF,
	title={Reinforcement learning for robots using neural networks},
	author={Long-ji Lin},
	year={1992}
}

@misc{per,
	Author = {Tom Schaul and John Quan and Ioannis Antonoglou and David Silver},
	Title = {Prioritized Experience Replay},
	Year = {2015},
	Eprint = {arXiv:1511.05952},
}